
</collection>
<collection xmlns="http://www.loc.gov/MARC21/slim">
<record>
  <controlfield tag="001">1881079</controlfield>
  <controlfield tag="005">20210326220337.0</controlfield>
  <datafield tag="245" ind1=" " ind2=" ">
    <subfield code="9">review</subfield>
    <subfield code="a">Electromagnetic calorimeter supermodule installation on CMS detector</subfield>
  </datafield>
  <datafield tag="500" ind1=" " ind2=" ">
    <subfield code="a">The video was digitized from its original recording as part of the CERN Digital Memory project </subfield>
  </datafield>
  <datafield tag="542" ind1="1" ind2=" ">
    <subfield code="9">review</subfield>
    <subfield code="d">CERN</subfield>
  </datafield>
  <datafield tag="583" ind1="1" ind2=" ">
    <subfield code="2">pda</subfield>
    <subfield code="3">MiniDV</subfield>
    <subfield code="5">SzGeCERN</subfield>
    <subfield code="6">disks/DELIVERY43</subfield>
    <subfield code="a">digitized</subfield>
    <subfield code="b">S1V1</subfield>
    <subfield code="c">202011</subfield>
    <subfield code="f">CERN Digital Memory Project</subfield>
    <subfield code="i">OPEN-REFINE Project SUM-NOV2020</subfield>
    <subfield code="k">PICTURAE</subfield>
    <subfield code="u">https://cds.cern.ch/record/2257246</subfield>
    <subfield code="n">45,33</subfield>
    <subfield code="o">minutes</subfield>
  </datafield>
  <datafield tag="594" ind1=" " ind2=" ">
    <subfield code="9">review</subfield>
    <subfield code="a">Footage</subfield>
  </datafield>
  <datafield tag="595" ind1=" " ind2=" ">
    <subfield code="a">MiniDV</subfield>
  </datafield>
  <datafield tag="650" ind1="2" ind2="7">
    <subfield code="9">review</subfield>
    <subfield code="a">Accelerators</subfield>
  </datafield>
  <datafield tag="690" ind1="C" ind2=" ">
    <subfield code="9">review</subfield>
    <subfield code="a">reviewed</subfield>
  </datafield>
  <datafield tag="690" ind1="C" ind2=" ">
    <subfield code="a">movingimages</subfield>
  </datafield>
  <datafield tag="852" ind1=" " ind2=" ">
    <subfield code="a">Not-in-Inventory</subfield>
    <subfield code="c">CM-A00000375</subfield>
  </datafield>
  <datafield tag="856" ind1="4" ind2=" ">
    <subfield code="2">EOS</subfield>
    <subfield code="q">MP4</subfield>
    <subfield code="u">https://cern.ch/digital-memory/media-archive/video/cern/mp4/1881079.mp4</subfield>
    <subfield code="y">Video-CM-A00000375-063</subfield>
    <subfield code="z">mp4 video format (640x360)</subfield>
    <subfield code="w">(PICTURAE:MD5)CM-A00000375-063.mp4;fc26e8b6203a90439d686b9d07760627</subfield>
  </datafield>
  <datafield tag="856" ind1="7" ind2=" ">
    <subfield code="2">EOS</subfield>
    <subfield code="q">MOV</subfield>
    <subfield code="d">/eos/media/cds/public/www/digital-memory/media-archive/video/cern/mov/1881079.mov</subfield>
    <subfield code="w">(PICTURAE:MD5)CM-A00000375-063.mov;a05ceb8cc3168b87bf7ac2e62cfacb6f</subfield>
  </datafield>
  <datafield tag="856" ind1="7" ind2=" ">
    <subfield code="2">EOS</subfield>
    <subfield code="q">MKV</subfield>
    <subfield code="d">/eos/media/cds/public/www/digital-memory/media-archive/video/cern/mkv/1881079.mkv</subfield>
    <subfield code="w">(PICTURAE:MD5)CM-A00000375-063.mkv;db4821ee04188afaa9b3b2534a58afe3</subfield>
  </datafield>
  <datafield tag="960" ind1=" " ind2=" ">
    <subfield code="a">200</subfield>
  </datafield>
  <datafield tag="961" ind1=" " ind2=" ">
    <subfield code="a">Tom Barthelemy</subfield>
    <subfield code="b">Curator</subfield>
    <subfield code="x">2020-11-01</subfield>
  </datafield>
  <datafield tag="963" ind1=" " ind2=" ">
    <subfield code="9">review
</subfield>
    <subfield code="a">RESTRICTED</subfield>
  </datafield>
  <datafield tag="980" ind1=" " ind2=" ">
    <subfield code="a">VIDEOARC</subfield>
  </datafield>
</record>